@MISC{Euler,
title = "Euler method",
howpublished = "\url{https://en.wikipedia.org/wiki/Euler_method}"
}

@MISC{Newton,
title = "Newton's laws of motion",
howpublished = "\url{https://en.wikipedia.org/wiki/Newton%27s_laws_of_motion}"
}

@MISC{Perhelion,
title = "Perhelion precession",
howpublished = "\url{https://en.wikipedia.org/wiki/Apsidal_precession}"
}